@inproceedings{selinger1979access,
  title={Access path selection in a relational database management system},
  author={Selinger, P Griffiths and Astrahan, Morton M and Chamberlin, Donald D and Lorie, Raymond A and Price, Thomas G},
  booktitle={Proceedings of the 1979 ACM SIGMOD international conference on Management of data},
  pages={23--34},
  year={1979},
  organization={ACM}
}

@article{felter2014docker,
  title={An Updated Performance Comparison of Virtual Machines and Linux Containers},
  author={Wes Felter, Alexandre Ferreira, Ram Rajamony, Juan Rubio},
  publisher={IBM Research},
  year={2014}
}

@inproceedings {kim2013mbox,
author = {Taesoo Kim and Nickolai Zeldovich},
title = {Practical and Effective Sandboxing for Non-root Users},
booktitle = {Presented as part of the 2013 {USENIX} Annual Technical Conference ({USENIX} {ATC} 13)},
year = {2013},
isbn = {978-1-931971-01-0},
address = {San Jose, CA},
pages = {139--144},
url = {https://www.usenix.org/conference/atc13/technical-sessions/presentation/kim},
publisher = {{USENIX}},
}

@incollection{bayer2002organization,
  title={Organization and maintenance of large ordered indexes},
  author={Bayer, Rudolf and McCreight, Edward},
  year={1972},
}

@article{lorie1979access,
  title={An access specification language for a relational data base system},
  author={Lorie, Raymond A and Nilsson, Jorgen F},
  journal={IBM journal of Research and Development},
  volume={23},
  number={3},
  pages={286--298},
  year={1979},
  publisher={IBM}
}

@article{stonebraker1976design,
  title={The design and implementation of INGRES},
  author={Stonebraker, Michael and Held, Gerald and Wong, Eugene and Kreps, Peter},
  journal={ACM Transactions on Database Systems (TODS)},
  volume={1},
  number={3},
  pages={189--222},
  year={1976},
  publisher={ACM}
}

@inproceedings{wen2012survey,
    title={A Survey of Virtualization Technologies Focusing on Untrusted Code Execution},
    author={Yan Wen, Jinjing Zhao, Gang Zhao, Hua Chen, Dongxia Wang},
    booktitle={2012 Sixth International Conference on Innovative Mobile and Internet Services in Ubiquitous Computing},
    year={2012}
}

@unpublished{viswanathan2009Survey,
    title={A Survey of Isolation Techniques},
    author={Arun Viswanathan, B.C. Neuman},
    year={2009},
    note={Information Sciences Institute, University of Southern California (unpublished draft)}
}

@inproceedings{ford2008vx32,
    title={Vx32: Lightweight User-level Sandboxing on the x86},
    author={Bryan Ford, Russ Cox},
    booktitle={2008 USENIX Annual Technical Conference},
    year={2008}
}

@article{vokorokos2015application,
    title={Application Security through Sandbox Virtualization},
    author={Liberios Vokorokos, Anton Bal\'{a}\u{z}, Branislav Mado\u{s}},
    journal={Acta Polytechnica Hungarica},
    year={2015},
    volume={12},
    number={1}
}

@inproceedings{prevelakis2001sandboxing,
    title={Sandboxing Applications},
    author={Vassilis Prevelakis, Diomidis Spinellis},
    booktitle={2001 USENIX Annual Technical Conference},
    year={2001}
}

@inproceedings{kim2013practical,
    title={Practical and effective sandboxing for non-root users},
    author={Taesoo Kim, Nickolai Zeldovich},
    booktitle={2013 USENIX Annual Technical Conference},
    year={2013}
}

@inproceedings{yee2009native,
    title={Native Client: A Sandbox for Portable, Untrusted x86 Native Code},
    author={Bennet Yee, David Sehr, Gregory Dardyk, J. Bradley Chen, Robert Muth, Tavis Ormandy, Shiki Okasaka, Neha Narula, Nicholas Fullagar},
    booktitle={2009 30th IEEE Symposium on Security and Privacy},
    year={2009}
}

@inproceedings{kamp2000jails,
    title={Jails: Confining the omnipotent root},
    author={Poul-Henning Kamp, Robert N. M. Watson},
    booktitle={Proc. 2nd Intl. SANE Conference},
    year={2000}
}

@inproceedings{potter2010apiary,
    title={Apiary: Easy-to-Use Desktop Application Fault Containment on Commodity Operating Systems},
    author={Shaya Potter, Jason Nieh},
    booktitle={2010 USENIX Annual Technical Conference},
    year={2010}
}
