@article{felter2014docker,
  title={An Updated Performance Comparison of Virtual Machines and Linux Containers},
  author={Wes Felter, Alexandre Ferreira, Ram Rajamony, Juan Rubio},
  publisher={IBM Research},
  year={2014}
}

@misc{dockerdoc,
	title={Docker v18.09 Documentation},
	note={https://docs.docker.com/storage/bind-mounts/}
}
@misc{bindmount,
	title={Read-only bind mounts},
	author={Jonathan Corbet},
	note={https://lwn.net/Articles/281157/}
}

@misc{seccompuserspace,
    title={Deferring seccomp decisions to user space},
    author={Jonathan Corbet},
    note={https://lwn.net/Articles/756233/}
}

@misc{dockernetworking,
    title={Docker container networking},
    note={https://docs.docker.com/v17.09/engine/userguide/networking/}
}

@misc{rktnetworking,
    title={Networking},
    note={https://coreos.com/rkt/docs/latest/networking/overview.html}
}

@misc{sysstat,
    title={SYSSTAT Utilities},
	author={Sebastien Godard},
    note={http://sebastien.godard.pagesperso-orange.fr/}
}
@misc{gkrellm,
    title={GKrellM Gtk Monitors},
	author={Bill Wilson},
    note={http://gkrellm.srcbox.net/}
}
@misc{cacti,
    title={Cacti: the complete rrdtool-based graphing solution.},
    note={https://cacti.net/}
}

@misc{nagios,
    title={Nagios Core 4 Documentation},
	note={https://assets.nagios.com/downloads/nagioscore/docs/}
}


@inproceedings {kim2013mbox,
author = {Taesoo Kim and Nickolai Zeldovich},
title = {Practical and Effective Sandboxing for Non-root Users},
booktitle = {Presented as part of the 2013 {USENIX} Annual Technical Conference ({USENIX} {ATC} 13)},
year = {2013},
isbn = {978-1-931971-01-0},
address = {San Jose, CA},
pages = {139--144},
url = {https://www.usenix.org/conference/atc13/technical-sessions/presentation/kim},
publisher = {{USENIX}},
}

@inproceedings{wen2012virtualization,
    title={A Survey of Virtualization Technologies Focusing on Untrusted Code Execution},
    author={Yan Wen, Jinjing Zhao, Gang Zhao, Hua Chen, Dongxia Wang},
    booktitle={2012 Sixth International Conference on Innovative Mobile and Internet Services in Ubiquitous Computing},
    year={2012}
}

@inproceedings{prevelakis2001fmac,
    title={Sandboxing Applications},
    author={Vassilis Prevelakis, Diomidis Spinellis},
    booktitle={2001 USENIX Annual Technical Conference},
    year={2001}
}

@inproceedings{kamp2000jails,
    title={Jails: Confining the omnipotent root},
    author={Poul-Henning Kamp, Robert N. M. Watson},
    booktitle={Proc. 2nd Intl. SANE Conference},
    year={2000}
}

@inproceedings{goldberg1996janus,
    title={A Secure Environment for Untrusted Helper Applications (Confining the Wily Hacker)},
    author={Ian Goldberg, David Wagner, Randi Thomas, Eric Brewer},
    booktitle={Proceedings of the Sixth USENIX UNIX Security Symposium},
    year={1996}
}

@inproceedings{biederman2006namespaces,
    title={Multiple Instances of the Global Linux Namespaces},
    author={Eric W. Biederman},
    booktitle={Proceedings of the Linux Symposium, Volume One},
    year={2006}
}

@inproceedings{menage2007containers,
    title={Adding Generic Process Containers to the Linux Kernel},
    author={Paul B. Menage},
    booktitle={Proceedings of the Linux Symposium, Volume Two},
    year={2007}
}

@manual{menagecgroups,
    title={CGROUPS},
    author={Paul Menage},
    note={https://www.kernel.org/doc/Documentation/cgroup-v1/cgroups.txt}
}

@inproceedings{garfinkel2003terra,
    title={Terra: A Virtual Machine-Based Platform for Trusted Computing},
    author={Tal Garfinkel, Ben Pfaff, Jim Chow, Mendel Rosenblum, Dan Boneh},
    booktitle={Proceedings of the ninteenth ACM Symposium on Operating Systems Principles},
    year={2003}
}

@inproceedings{morabito2015hypervisors,
    title={Hypervisors vs. Lightweight Virtualization: a Performance Comparison},
    author={Roberto Morabito, Jimmy Kj\"{a}llman, Miika Komu},
    booktitle={2015 IEEE International Conference on Cloud Engineering},
    year={2015}
}

@misc{hykes2014libcontainer,
    title={Docker 0.9: Introducting Execution Drivers and Libcontainer},
    author={Solomon Hykes},
    year={2014},
    note={https://blog.docker.com/2014/03/docker-0-9-introducing-execution-drivers-and-libcontainer/}
}

@misc{opencontainerinitiative,
    title={Open Container Initiative},
    note={https://www.opencontainers.org/}
}

@inproceedings{soltesz2007container,
    author = {Stephen Soltesz, Herbert P\"{o}tzl, Marc E. Fiuczynski, Andy Bavier, Larry Peterson},
    title = {Container-based Operating System Virtualization: A Scalable, High-performance Alternative to Hypervisors},
    booktitle = {Proceedings of the 2Nd ACM SIGOPS/EuroSys European Conference on Computer Systems 2007},
    year = {2007}
}
